@article{Ahir2020, 
  title={60 Years of Uncertainty}, 
  volume={57}, 
  url={https://www.imf.org/external/pubs/ft/fandd/2020/03/imf-launches-world-uncertainty-index-wui-furceri.htm}, 
  DOI={10.2139/ssrn.3275033}, 
  number={1}, journal={FINANCE & DEVELOPMENT}, 
  author={Ahir, Hites and Bloom, Nicholas and Furceri, Davide}, 
  year={2020}, month={Mar}, pages={58–60}
}

@article{Azzabi2020,
  title={The Multi-Criteria Approach for Decision Support},
  author={Azzabi, Lotfi and Azzabi, Dorra and Kobi, Abdessamad and others},
  journal={International Series in Operations Research and Management Science},
  year={2020},
  publisher={Springer}
}

@article{Bartovsova2015,
  title={Taking risk into account in the evaluation of economic efficiency of investment projects: traditional methods},
  author={Barto{\v{s}}ov{\'a}, Viera and Majer{\v{c}}{\'a}k, Peter and Hra{\v{s}}kov{\'a}, Dagmar},
  journal={Procedia Economics and Finance},
  volume={24},
  pages={68--75},
  year={2015},
  publisher={Elsevier}
}


@article{BEER20211,
	author = {Netta Beer and Ingrid Hegger and Susanne Kaae and Marie Louise {De Bruin} and Natalja Genina and Teresa Leonardo Alves and Joelle Hoebert and Sofia {K{\"a}lvemark Sporrong}},
	journal = {Exploratory Research in Clinical and Social Pharmacy},
	pages = {100073},
	title = {Scenarios for 3D printing of personalized medicines - A case study},
	volume = {4},
	year = {2021},
	url = {https://www.sciencedirect.com/science/article/pii/S2667276621000731},
	doi = {https://doi.org/10.1016/j.rcsop.2021.100073}
}


@article{Bergh2017,
  author = {Donald D Bergh and Barton M Sharp and Herman Aguinis and Ming Li},
  title ={Is there a credibility crisis in strategic management research? Evidence on the reproducibility of study findings},
  journal = {Strategic Organization},
  volume = {15},
  number = {3},
  pages = {423-436},
  year = {2017},
  doi = {10.1177/1476127017701076},
  URL = { https://doi.org/10.1177/1476127017701076},
  eprint = { https://doi.org/10.1177/1476127017701076}
}

@misc{Berk2017,
  title={Corporate Finance (; global ed.)},
  author={Berk, Jonathan and DeMarzo, Peter},
  year={2017},
  publisher={Pearson}
}

@article{Borgonovo2017,
  title={Sensitivity analysis},
  author={Borgonovo, Emanuele and others},
  journal={An Introduction for the Management Scientist. International Series in Operations Research and Management Science. Cham, Switzerland: Springer},
  year={2017},
  publisher={Springer}
}

@article{Boulter2022,
  author = {Etienne Boulter and Julien Colombelli and Ricardo Henriques and Chlo{\'e} C. F{\'e}ral},
	doi = {https://doi.org/10.1016/j.tibtech.2022.02.003},
	issn = {0167-7799},
	journal = {Trends in Biotechnology},
	keywords = {LEGO{\textregistered} bricks, FAIR science, open science},
	title = {The LEGO{\textregistered} brick road to open science and biotechnology},
	url = {https://www.sciencedirect.com/science/article/pii/S0167779922000348},
	year = {2022},
	bdsk-url-1 = {https://www.sciencedirect.com/science/article/pii/S0167779922000348},
	bdsk-url-2 = {https://doi.org/10.1016/j.tibtech.2022.02.003}}
}

@article{Braun2018,
  title={Farming in the Era of Industrie 4.0},
  author={Braun, Anja-Tatjana and Colangelo, Eduardo and Steckel, Thilo},
  journal={Procedia Cirp},
  volume={72},
  pages={979--984},
  year={2018},
  publisher={Elsevier}
}

@inbook{BrownIII2018,
	abstract = {Business case analyses that are typically developed in spreadsheets are fraught with a lack of transparency and prone to propagating significant coding errors. The R programming language provides a better alternative for creating clear and minimal-error analysis.},
	address = {Berkeley, CA},
	author = {Brown III, Robert D.},
	booktitle = {Business Case Analysis with R: Simulation Tutorials to Support Complex Business Decisions},
	doi = {10.1007/978-1-4842-3495-2_1},
	isbn = {978-1-4842-3495-2},
	pages = {3--8},
	publisher = {Apress},
	title = {A Relief from Spreadsheet Misery},
	url = {https://doi.org/10.1007/978-1-4842-3495-2_1},
	year = {2018},
	bdsk-url-1 = {https://doi.org/10.1007/978-1-4842-3495-2_1}}


@article{Camarasa2018,
title = {INRA's research in industrial biotechnology: For food, chemicals, materials and fuels},
journal = {Innovative Food Science & Emerging Technologies},
volume = {46},
pages = {140-152},
year = {2018},
note = {Food Science and Technology in France: INRA’s contribution to this area},
issn = {1466-8564},
doi = {https://doi.org/10.1016/j.ifset.2017.11.008},
url = {https://www.sciencedirect.com/science/article/pii/S1466856417302345},
author = {Carole Camarasa and Hubert Chiron and Fayza Daboussi and Guy {Della Valle} and Claire Dumas and Vincent Farines and Juliane Floury and Valérie Gagnaire and Nathalie Gorret and Joëlle Leonil and Jean-Roch Mouret and Michael J. O'Donohue and Jean-Marie Sablayrolles and Jean-Michel Salmon and Luc Saulnier and Gilles Truan}
}

@article{Carvalho2006,
  title={Agriculture, pesticides, food security and food safety},
  author={Carvalho, Fernando P},
  journal={Environmental science \& policy},
  volume={9},
  number={7-8},
  pages={685--692},
  year={2006},
  publisher={Elsevier}
}

@book{Crundwell2008,
  title={Finance for engineers: Evaluation and funding of capital projects},
  author={Crundwell, Frank},
  year={2008},
  publisher={Springer Science \& Business Media}
}

@article{CISL2019,
  title={In search of impact: Measuring the full value of capital. Update: The Sustainable Investment Framework.},
  author={University of Cambridge Institute for Sustainability Leadership (CISL)},
  year={2019},
  month={Jan},
  publisher={Cambridge, UK: Cambridge Institute for Sustainability Leadership},
  url={https://www.cisl.cam.ac.uk/resources/sustainable-finance-publications/in-search-impact-measuring-full-value-capital-update}
}

@book{Dagpunar2007,
  title={Simulation and Monte Carlo: With applications in finance and MCMC},
  author={Dagpunar, John Selim},
  year={2007},
  publisher={John Wiley \& Sons}
}

@misc{Davenport2013, 
  title={Big Data Analytics: What it is and why it matters}, 
  url={https://www.sas.com/en_us/insights/analytics/big-data-analytics.html}, 
  journal={SAS}, 
  author={Davenport, Tom and Diché, Jyll}, 
  year={2013}, 
  month={May}
}

@article{DeFraiture2010,
  title={Satisfying future water demands for agriculture},
  author={De Fraiture, Charlotte and Wichelns, Dennis},
  journal={Agricultural water management},
  volume={97},
  number={4},
  pages={502--511},
  year={2010},
  publisher={Elsevier}
}

@article{Dheskali2020,
title = {Risk assessment modeling of bio-based chemicals economics based on Monte-Carlo simulations},
journal = {Chemical Engineering Research and Design},
volume = {163},
pages = {273-280},
year = {2020},
issn = {0263-8762},
doi = {https://doi.org/10.1016/j.cherd.2020.09.011},
url = {https://www.sciencedirect.com/science/article/pii/S0263876220304743},
author = {Endrit Dheskali and Apostolis A. Koutinas and Ioannis K. Kookos},
keywords = {Bio-based chemicals, Techno-economic evaluation, Uncertainty analysis, Monte-Carlo simulations, Net present value, Financial risk assessment},
}

@incollection{Dimian2014,
title = {Chapter 19 - Economic Evaluation of Projects},
editor = {Alexandre C. Dimian and Costin S. Bildea and Anton A. Kiss},
series = {Computer Aided Chemical Engineering},
publisher = {Elsevier},
volume = {35},
pages = {717-755},
year = {2014},
booktitle = {Integrated Design and Simulation of Chemical Processes},
issn = {1570-7946},
doi = {https://doi.org/10.1016/B978-0-444-62700-1.00019-X},
url = {https://www.sciencedirect.com/science/article/pii/B978044462700100019X},
author = {Alexandre C. Dimian and Costin S. Bildea and Anton A. Kiss},
keywords = {Economic evaluation, Economic analysis, Profitability analysis, Capital costs, Operation costs}
}

@article{Dudzinska2018,
  title={Analysis of complex decision problems based on cumulative prospect theory},
  author={Dudzi{\'n}ska-Bary{\l}a, Renata},
  journal={Operations Research and Decisions},
  volume={28},
  number={3},
  pages={5--16},
  year={2018},
  publisher={Oficyna Wydawnicza Politechniki Wroc{\l}awskiej}
}

@article{Falter2017, 
  title={Chemistry 4.0 Growth through innovation in a transforming world}, 
  url={https://www2.deloitte.com/content/dam/Deloitte/global/Documents/consumer-industrial-products/gx-chemistry 4.0-full-report.pdf}, 
  author={Falter, Wolfgang and Keller, Alexander and Nickel, Johann-Peter and Meincke, Henrik}, 
  year={2017}, 
  month={Oct}
}

@article{Fasim2021,
title = {Large-scale production of enzymes for biotechnology uses},
journal = {Current Opinion in Biotechnology},
volume = {69},
pages = {68-76},
year = {2021},
note = {Chemical Biotechnology ● Pharmaceutical Biotechnology},
issn = {0958-1669},
doi = {https://doi.org/10.1016/j.copbio.2020.12.002},
url = {https://www.sciencedirect.com/science/article/pii/S0958166920301890},
author = {Aneesa Fasim and Veena S More and Sunil S More}
}

@article{Felli2004,
  title={Javelin diagrams: A graphical tool for probabilistic sensitivity analysis},
  author={Felli, James C and Hazen, Gordon B},
  journal={Decision Analysis},
  volume={1},
  number={2},
  pages={93--107},
  year={2004},
  publisher={INFORMS}
}

@inproceedings{Green1976survey,
  title={A survey of the application of quantitative techniques to production/operations management in large corporations.},
  author={Green, Thad B and Newson, Walter B and Jones, S Roland},
  booktitle={Academy of Management Proceedings},
  volume={1976},
  number={1},
  pages={202--206},
  year={1976},
  organization={Academy of Management Briarcliff Manor, NY 10510}
}

@article{Hensel2021,
title = {Reproducibility and replicability crisis: How management compares to psychology and economics – A systematic review of literature},
journal = {European Management Journal},
year = {2021},
issn = {0263-2373},
doi = {https://doi.org/10.1016/j.emj.2021.01.002},
url = {https://www.sciencedirect.com/science/article/pii/S0263237321000025},
author = {Przemysław G. Hensel},
keywords = {Replicability, Reproducibility, Data and code transparency}
}


@article{Ho2020,
  title = {Enabling Technologies for Personalized and Precision Medicine},
  journal = {Trends in Biotechnology},
  volume = {38},
  number = {5},
  pages = {497-518},
  year = {2020},
  issn = {0167-7799},
  doi = {https://doi.org/10.1016/j.tibtech.2019.12.021},
  url = {https://www.sciencedirect.com/science/article/pii/S0167779919303166},
  author = {Dean Ho and Stephen R. Quake and Edward R.B. McCabe and Wee Joo Chng and Edward K. Chow and Xianting Ding and Bruce D. Gelb and Geoffrey S. Ginsburg and Jason Hassenstab and Chih-Ming Ho and William C. Mobley and Garry P. Nolan and Steven T. Rosen and Patrick Tan and Yun Yen and Ali Zarrinpar},
  keywords = {personalized medicine, precision medicine, therapeutics, diagnostics, artificial intelligence, clinical trials}
}

@Online{Holst2021, 
  title={Total data volume worldwide 2010-2024}, 
  url={https://www.statista.com/statistics/871513/worldwide-data-created/}, 
  journal={Statista}, author={Holst, Arne}, year={2021}, month={Feb}
}

@article{Hulse2004,
	author = {Joseph H Hulse},
	doi = {https://doi.org/10.1016/S0924-2244(03)00157-2},
	issn = {0924-2244},
	journal = {Trends in Food Science & Technology},
	number = {1},
	pages = {3-18},
	title = {Biotechnologies: past history, present state and future prospects},
	url = {https://www.sciencedirect.com/science/article/pii/S0924224403001572},
	volume = {15},
	year = {2004},
	bdsk-url-1 = {https://www.sciencedirect.com/science/article/pii/S0924224403001572},
	bdsk-url-2 = {https://doi.org/10.1016/S0924-2244(03)00157-2}}
}

@article{Idoje2021,
title = {Survey for smart farming technologies: Challenges and issues},
journal = {Computers & Electrical Engineering},
volume = {92},
pages = {107104},
year = {2021},
issn = {0045-7906},
doi = {https://doi.org/10.1016/j.compeleceng.2021.107104},
url = {https://www.sciencedirect.com/science/article/pii/S0045790621001117},
author = {Godwin Idoje and Tasos Dagiuklas and Muddesar Iqbal},
keywords = {Artificial intelligent, Internet of things, Cloud, Unmanned area vehicle, Smart farming, Sensors},
}

@article{Kampker2019,
title = {Business Models for Industrial Smart Services – The Example of a Digital Twin for a Product-Service-System for Potato Harvesting},
journal = {Procedia CIRP},
volume = {83},
pages = {534-540},
year = {2019},
note = {11th CIRP Conference on Industrial Product-Service Systems},
issn = {2212-8271},
doi = {https://doi.org/10.1016/j.procir.2019.04.114},
url = {https://www.sciencedirect.com/science/article/pii/S2212827119307280},
author = {A. Kampker and V. Stich and P. Jussen and B. Moser and J. Kuntz},
keywords = {Business Models, Industrial Smart Services, Product-Service-Systems, Digital Twin, Smart Farming},
}

@article{Kannan2021,
title = {A hybrid approach based on MCDM methods and Monte Carlo simulation for sustainable evaluation of potential solar sites in east of Iran},
journal = {Journal of Cleaner Production},
volume = {279},
pages = {122368},
year = {2021},
issn = {0959-6526},
doi = {https://doi.org/10.1016/j.jclepro.2020.122368},
url = {https://www.sciencedirect.com/science/article/pii/S095965262032415X},
author = {Devika Kannan and Sahar Moazzeni and Sobhan mostafayi Darmian and Ahmadreza Afrasiabi},
keywords = {Solar sites, Sustainable evaluation, Multi-criteria decision-making, Monte Carlo simulation},
}

@article{Kiefer2021,
title = {From Acetate to Bio-Based Products: Underexploited Potential for Industrial Biotechnology},
journal = {Trends in Biotechnology},
volume = {39},
number = {4},
pages = {397-411},
year = {2021},
note = {Special Issue: Bioconversion of C1 Products and Feedstocks},
issn = {0167-7799},
doi = {https://doi.org/10.1016/j.tibtech.2020.09.004},
url = {https://www.sciencedirect.com/science/article/pii/S0167779920302419},
author = {Dirk Kiefer and Manuel Merkel and Lars Lilge and Marius Henkel and Rudolf Hausmann},
keywords = {acetate, biorefinery, alternative carbon sources, lignocellulose, C1 feedstocks, bioeconomy},
}

@book{Korhonen2020,
  title={Making Better Decisions},
  author={Korhonen, Pekka J and Wallenius, Jyrki and others},
  year={2020},
  publisher={Springer}
}
  
@article{Leahy1996,
 ISSN = {00222879, 15384616},
 URL = {http://www.jstor.org/stable/2077967},
 author = {John V. Leahy and Toni M. Whited},
 journal = {Journal of Money, Credit and Banking},
 number = {1},
 pages = {64--83},
 publisher = {[Wiley, Ohio State University Press]},
 title = {The Effect of Uncertainty on Investment: Some Stylized Facts},
 volume = {28},
 year = {1996}
}

@article{Lee2017,
  title={Economic evaluation with sensitivity and profitability analysis for hydrogen production from water electrolysis in Korea},
  author={Lee, Boreum and Chae, Heetae and Choi, Nak Heon and Moon, Changhwan and Moon, Sangbong and Lim, Hankwon},
  journal={International Journal of Hydrogen Energy},
  volume={42},
  number={10},
  pages={6462--6471},
  year={2017},
  publisher={Elsevier}
}

@article{Lee2017economic,
  title={Economic evaluation with uncertainty analysis using a Monte-Carlo simulation method for hydrogen production from high pressure PEM water electrolysis in Korea},
  author={Lee, Boreum and Heo, Juheon and Choi, Nak Heon and Moon, Changhwan and Moon, Sangbong and Lim, Hankwon},
  journal={International journal of hydrogen energy},
  volume={42},
  number={39},
  pages={24612--24619},
  year={2017},
  publisher={Elsevier}
}

@article{Li2015,
  title={Identification of type 2 diabetes subgroups through topological analysis of patient similarity},
  author={Li, Li and Cheng, Wei-Yi and Glicksberg, Benjamin S and Gottesman, Omri and Tamler, Ronald and Chen, Rong and Bottinger, Erwin P and Dudley, Joel T},
  journal={Science translational medicine},
  volume={7},
  number={311},
  pages={311ra174--311ra174},
  year={2015},
  publisher={American Association for the Advancement of Science}
}

@article{Marco2015,
  title={The USPTO patent assignment dataset: Descriptions and analysis},
  author={Marco, Alan C and Myers, Amanda and Graham, Stuart JH and D'Agostino, Paul and Apple, Kirsten},
  year={2015},
  publisher={USPTO Economic working paper 2015-2}
}

@book{Mcdonald2017Golden,
  title={The golden passport: Harvard Business School, the limits of capitalism, and the moral failure of the MBA elite},
  author={McDonald, Duff},
  year={2017},
  publisher={HarperBusiness New York, NY}
}

@article{Moysiadis2021,
title = {Smart Farming in Europe},
journal = {Computer Science Review},
volume = {39},
pages = {100345},
year = {2021},
issn = {1574-0137},
doi = {https://doi.org/10.1016/j.cosrev.2020.100345},
url = {https://www.sciencedirect.com/science/article/pii/S1574013720304457},
author = {Vasileios Moysiadis and Panagiotis Sarigiannidis and Vasileios Vitsas and Adel Khelifi},
keywords = {Smart Farming, Unmanned Aerial Vehicles (UAVs), Unmanned Ground Vehicles (UGVs), Image Processing, Machine Learning, Big Data, Cloud Computing, Wireless Sensor Networks (WSNs)},
}

@article{Neriah2020,
title = {On-demand fully customizable drug tablets via 3D printing technology for personalized medicine},
journal = {Journal of Controlled Release},
volume = {322},
pages = {42-52},
year = {2020},
issn = {0168-3659},
doi = {https://doi.org/10.1016/j.jconrel.2020.02.046},
url = {https://www.sciencedirect.com/science/article/pii/S016836592030136X},
author = {Yan Jie Neriah Tan and Wai Pong Yong and Jaspreet Singh Kochhar and Jayant Khanolkar and Xiukai Yao and Yajuan Sun and Chi Kit Ao and Siowling Soh},
keywords = {Customizable tablets, Drug delivery, 3D printing, Personalized medicine, Controlled release},
}

@article{Prellezo2017,
title = {Expected economic value of the information provided by fishery research surveys},
journal = {Fisheries Research},
volume = {190},
pages = {95-102},
year = {2017},
issn = {0165-7836},
doi = {https://doi.org/10.1016/j.fishres.2017.02.004},
url = {https://www.sciencedirect.com/science/article/pii/S0165783617300322},
author = {Raúl Prellezo},
keywords = {Expected value of information, Signals of information, Anchovy, Bay of Biscay},
}

@article{Pylianidis2021,
title = {Introducing digital twins to agriculture},
journal = {Computers and Electronics in Agriculture},
volume = {184},
pages = {105942},
year = {2021},
issn = {0168-1699},
doi = {https://doi.org/10.1016/j.compag.2020.105942},
url = {https://www.sciencedirect.com/science/article/pii/S0168169920331471},
author = {Christos Pylianidis and Sjoukje Osinga and Ioannis N. Athanasiadis},
keywords = {Digital twins, Agriculture, Research roadmap, Review, Added value},
}

@article{Samir2017,
  title={The human core of the shared socioeconomic pathways: Population scenarios by age, sex and level of education for all countries to 2100},
  author={Samir, KC and Lutz, Wolfgang},
  journal={Global Environmental Change},
  volume={42},
  pages={181--192},
  year={2017},
  publisher={Elsevier}
}

@book{Shonkwiler2009,
  title={Explorations in Monte Carlo Methods},
  author={Shonkwiler, Ronald W and Mendivil, Franklin},
  year={2009},
  publisher={Springer Science \& Business Media}
}

@book{Shonkwiler2013,
  title={Finance with Monte Carlo},
  author={Shonkwiler, Ronald W},
  year={2013},
  publisher={Springer}
}

@misc{Stefanovic2005, 
  title={Decisions, decisions— Paper presented at PMI® Global Congress 2005—North America}, 
  url={https://www.pmi.org/learning/library/decisions-quantitative-making-process-7466}, 
  journal={Decisions, decisions--}, 
  publisher={PA: Project Management Institute}, 
  author={Stefanovic, Michael and Stefanovic, Ingrid Leman}, 
  year={2005}, month={Sep}
}

@book{Sullivan2015,
  title={Engineering economy},
  author={Sullivan, William G and Wicks, Elin M and Koelling, C Patrick},
  year={2015},
  publisher={Pearson}
}

@book{Tapiero2013,
  title={Engineering risk and finance},
  author={Tapiero, Charles S},
  year={2013},
  publisher={Springer Science \& Business Media}
}

@article{Tutton2012,
	author = {Richard Tutton},
	journal = {Social Science & Medicine},
	number = {10},
	pages = {1721-1728},
	title = {Personalizing medicine: Futures present and past},
	volume = {75},
	year = {2012},
	url = {https://www.sciencedirect.com/science/article/pii/S0277953612005734},
	doi = {https://doi.org/10.1016/j.socscimed.2012.07.031}
}

@article{Udeh2020economic,
	author = {Belinda L. Udeh},
	doi = {https://doi.org/10.1016/j.chest.2020.03.008},
	issn = {0012-3692},
	journal = {Chest},
	keywords = {cost-effectiveness, decision analysis, economic evaluation},
	note = {An Overview of Study Design and Statistical Considerations},
	number = {1, Supplement},
	pages = {S88-S96},
	title = {Economic Evaluation Studies},
	url = {https://www.sciencedirect.com/science/article/pii/S0012369220304566},
	volume = {158},
	year = {2020},
	url = {https://www.sciencedirect.com/science/article/pii/S0012369220304566},
	doi = {https://doi.org/10.1016/j.chest.2020.03.008}
}


@article{Vellekoop2022,
	author = {Heleen Vellekoop and Matthijs Versteegh and Simone Huygens and Isaac {Corro Ramos} and L{\'a}szl{\'o} Szilberhorn and Tam{\'a}s Zelei and Bal{\'a}zs Nagy and Apostolos Tsiachristas and Rositsa Koleva-Kolarova and Sarah Wordsworth and Maureen {Rutten-van M{\"o}lken}},
	journal = {Value in Health},
	number = {8},
	pages = {1428-1438},
	title = {The Net Benefit of Personalized Medicine: A Systematic Literature Review and Regression Analysis},
	volume = {25},
	year = {2022},
	url = {https://www.sciencedirect.com/science/article/pii/S1098301522000560},
  doi = {https://doi.org/10.1016/j.jval.2022.01.006}
}

@article{Verdouw2021,
title = {Digital twins in smart farming},
journal = {Agricultural Systems},
volume = {189},
pages = {103046},
year = {2021},
issn = {0308-521X},
doi = {https://doi.org/10.1016/j.agsy.2020.103046},
url = {https://www.sciencedirect.com/science/article/pii/S0308521X20309070},
author = {Cor Verdouw and Bedir Tekinerdogan and Adrie Beulens and Sjaak Wolfert},
keywords = {Smart agriculture, Internet of things, Farm management systems, Remote sensing and control, Virtualization},
}


@article{Wealer2021,
title = {Investing into third generation nuclear power plants - Review of recent trends and analysis of future investments using Monte Carlo Simulation},
journal = {Renewable and Sustainable Energy Reviews},
volume = {143},
pages = {110836},
year = {2021},
issn = {1364-0321},
doi = {https://doi.org/10.1016/j.rser.2021.110836},
url = {https://www.sciencedirect.com/science/article/pii/S1364032121001301},
author = {B. Wealer and S. Bauer and C.v. Hirschhausen and C. Kemfert and L. Göke},
keywords = {Nuclear power, Nuclear financing, Investment, Levelized cost of electricity, Monte Carlo simulation, Uncertainty}
}